@misc { tscv,
  author = {Hyndman, Rob J},
  title = "Why every statistician should know about cross-validation",
  year = {2010},
  urldate = {2010-10-04},
  howpublished = "\url{http://robjhyndman.com/hyndsight/crossvalidation/}",
  note = "[Online; accessed 11-September-2016]"
}

@misc { astz,
  author = "David Heinemeier Hannson",
  title = "ActiveSupport::TimeZone",
  year = {2016},
  urldate = {2004-2016},
  howpublished = "\url{http://api.rubyonrails.org/classes/ActiveSupport/TimeZone.html}",
  note = "[Online; accessed 12-September-2016]"
}

@misc { kmeans:naftali_harris,
  author = {Harris, Naftali J},
  title = "Visualizing K-Means Clustering",
  year = {2014},
  urldate = {2014-01-29},
  howpublished = "\url{http://www.naftaliharris.com/blog/visualizing-k-means-clustering/}",
  note = "[Online; accessed 12-September-2016]"
}

@book { bootstrap,
  author = "Shasha, D. and Wilson, M.",
  title = "Statistics is Easy! (Synthesis Lectures on Mathematics and Statistics) )",
  year = {2008}
}

@book{ statistics_is_easy,
  author    = {Dennis Shasha, Manda Wilson},
  title     = {Statistics is Easy!},
  publisher = {Morgan \& Claypool},
  year      = 2008,
  series    = {Synthesis Lectures on Mathematics and Statistics},
  address   = {The address},
  edition   = 2,
  month     = 8,
  isbn      = { 978-1598297775}
}

@misc { sigmoid_func,
  author = {Wikipedia},
  title = {Sigmoid function},
  year = 2008,
  url_date = {2016-07-25},
  howpublished = "\url{https://en.wikipedia.org/wiki/Sigmoid_function}",
  note = "[Online; accessed 6-October-2016]"
}

@misc { additive_smoothing,
  author = {Wikipedia},
  title = {Additive Smoothing},
  year = 2014,
  url_date = {2016-06-19},
  howpublished = "\url{https://en.wikipedia.org/wiki/Additive_smoothing}",
  note = "[Online; accessed 28-September-2016]"
}
